%%% Biber accepts '%' for marking comments



@article{Wang2009AvoidingTB,
  title={Avoiding the babbling idiot failure in a communication system based on flexible time division multiple access: A bus guardian solution},
  author={Kai Wang and Aidong Xu and Hong Wang},
  journal={2009 IEEE International Symposium on Industrial Electronics},
  year={2009},
  pages={1292-1297}
}

@article{Tai1980ProgramTC,
  title={Program Testing Complexity and Test Criteria},
  author={Kuo-chung Tai},
  journal={IEEE Transactions on Software Engineering},
  year={1980},
  volume={SE-6},
  pages={531-538}
}

@inproceedings{Kalkov2013CodeCC,
  title={Code coverage criteria and their effect on test suite qualities},
  author={Mikhail Kalkov and Dzmitry Pamakha},
  year={2013}
}

@inproceedings{Luo2001SoftwareTT,
  title={Software Testing Techniques},
  author={Lu Luo},
  year={2001}
}

@article{BalajiScpi,
author = {Balaji, Aravind and Sasikumar, S and K, Dr. Ramesh},
year = {2021},
month = {02},
title = {SCPI based integrated test and measurement},
volume = {1045},
journal = {IOP Conference Series: Materials Science and Engineering},
doi = {10.1088/1757-899X/1045/1/012036}
}

@book{scpi1993,
  title={Standard Commands for Programmable Instruments: (SCPI).. Command reference},
  number={Bd. 2},
  url={https://books.google.at/books?id=mzZpmwEACAAJ},
  year={1993},
  publisher={SCPI Consortium}
}

@online{lcov,
  author = {Linux-Kernel team},
  title = {LCOV user Manual},
  year = 2019,
  url = {http://ltp.sourceforge.net/coverage/lcov/lcov.1.php},
  urldate = {2022-07-27}
}

@manual{kcov,
	author={Simon Kagstrom},
	title={kcov - code coverage for fuzzing},
	date={2020-05-21},
	version={4.00},
	langid={english}
}


@manual{gcov,
	author={Michael Kerrisk},
	title={gcov manual pdf},
	date={2021-08-27},
	version={1st edition},
	langid={english}
}

@manual{gcovr,
	title={gcovr Documentation},
	version={Release 5.1},
	author={the gcovr authors},
	date={2022-07-04}
}

@book{Beizer90,
author = {Beizer, Boris},
title = {Software Testing Techniques (2nd Ed.)},
year = {1990},
isbn = {0442206720},
publisher = {Van Nostrand Reinhold Co.},
address = {USA}
}

@book{Beizer95,
  added-at = {2008-06-23T14:22:04.000+0200},
  asin = {0471120944},
  author = {Beizer, Boris},
  biburl = {https://www.bibsonomy.org/bibtex/2ed27c814801f39fa05296c28b63a2554/ist_spl},
  description = {Amazon.de: Black-Box Testing: Techniques for Functional Testing of Software and Systems: Boris Beizer: Englische Bücher},
  dewey = {005.14},
  ean = {9780471120940},
  edition = 1,
  interhash = {2c694881bd3c0dfafaab4068680e82c7},
  intrahash = {ed27c814801f39fa05296c28b63a2554},
  isbn = {0471120944},
  keywords = {black-box functional testing},
  note = {MR: referenziert aus Binder1999 (u.a. im Hinblick auf data flow testing strategies)},
  publisher = {Verlag John Wiley and Sons, Inc},
  timestamp = {2008-06-23T14:22:04.000+0200},
  title = {Black-Box Testing: Techniques for Functional Testing of Software and Systems},
  year = 1995
}



@book{jorgensen13,
  added-at = {2016-03-02T11:48:58.000+0100},
  author = {Jorgensen, Paul C.},
  biburl = {https://www.bibsonomy.org/bibtex/2e720cb61daae442f53dea4087d5f8659/ytyoun},
  edition = {Fourth},
  interhash = {9f757f2c49fdd8bef0c2320978acf88e},
  intrahash = {e720cb61daae442f53dea4087d5f8659},
  isbn = {9780367358495},
  keywords = {cyclomatic graph.theory programming testing textbook},
  publisher = {Auerbach Publications},
  refid = {900200896},
  timestamp = {2016-03-02T11:48:58.000+0100},
  title = {Software Testing: a Craftsman's Approach},
  year = 2013
}

@book{SpilSoft2005,
  added-at = {2007-01-26T13:03:51.000+0100},
  address = {Heidelberg},
  author = {Spillner, Andreas and Linz, Tilo and Schaefer, Hans},
  biburl = {https://www.bibsonomy.org/bibtex/28d024d770896179df2c940ec9e80840e/gregor},
  description = {KUG Recherche-Portal},
  interhash = {500437e5a10b4f04004b08ab66036618},
  intrahash = {8d024d770896179df2c940ec9e80840e},
  isbn = {3-89864-363-8},
  keywords = {Datenverarbeitung engineering Test Software Testwerkzeuge},
  publisher = {dpunkt.},
  timestamp = {2007-01-26T13:03:51.000+0100},
  title = {Software testing foundations},
  year = 2005
}



@article{Howden1975MethodologyFT,
  title={Methodology for the Generation of Program Test Data},
  author={William E. Howden},
  journal={IEEE Transactions on Computers},
  year={1975},
  volume={C-24},
  pages={554-560}
}

@article{Howden1978AnEO,
  title={An evaluation of the effectiveness of symbolic testing},
  author={William E. Howden},
  journal={Software: Practice and Experience},
  year={1978},
  volume={8}
}

@article{Chilenski2001,
  author = {Chilenski, John},
  year = {2001},
  month = {01},
  pages = {},
  title = {An Investigation of Three Forms of the Modified Condition Decision Coverage (MCDC) Criterion}
  }
@article{ChilenskiMiller1994,
  author = {Chilenski, John and Miller, Steven},
  year = {1994},
  month = {10},
  pages = {193 - 200},
  title = {Applicability of modified condition/decision coverage to software testing},
  volume = {9},
  journal = {Software Engineering Journal},
  doi = {10.1049/sej.1994.0025}
}
@book{Kopetz1997,
  author    = {Hermann Kopetz},
  title     = {Real-time systems - design principles for distributed embedded applications},
  series    = {The Kluwer international series in engineering and computer science},
  volume    = {395},
  publisher = {Kluwer},
  year      = {1997},
  isbn      = {978-0-7923-9894-3},
  timestamp = {Fri, 19 Jul 2019 01:00:00 +0200},
  biburl    = {https://dblp.org/rec/books/daglib/0007303.bib},
  bibsource = {dblp computer science bibliography, https://dblp.org}
}

@book{Liggesmeyer2002,
  author    = {Peter Liggesmeyer},
  title     = {Software-Qualit{\"{a}}t - testen, analysieren und verifizieren
               von Software},
  publisher = {Spektrum Akadem. Verl.},
  year      = {2002},
  isbn      = {978-3-8274-1118-1},
  timestamp = {Fri, 15 Apr 2011 13:37:33 +0200},
  biburl    = {https://dblp.org/rec/books/daglib/0013739.bib},
  bibsource = {dblp computer science bibliography, https://dblp.org}
}


@book{Tian2005,
  author    = {Jeff Tian},
  title     = {Software quality engineering - testing, quality assurance, and quantifiable
               improvement},
  publisher = {Wiley},
  year      = {2005},
  isbn      = {978-0-471-71345-6},
  timestamp = {Fri, 01 Apr 2011 01:00:00 +0200},
  biburl    = {https://dblp.org/rec/books/daglib/0013799.bib},
  bibsource = {dblp computer science bibliography, https://dblp.org}
}

@book{keithleyHistory,
 	author={Keithley, Joseph F.},
 	title={The Story of Electrical and Magnetic Measurements From 500 BC to the 1940s},
 	publisher={IEEE Press},
 	location={New York, USA},
	isbn={0-7803-1193-0},
 	date={1999},
 	langid={english}
}
 
% 
% @thesis{Bacher2004,
% 	author={Bacher, Florian},
% 	title={Interaktionsmöglichkeiten mit Bildschirmen und großflächigen Projektionen},
% 	type={bathesis},
% 	date={2004-06},
% 	institution={University of Applied Sciences Upper Austria, Medientechnik und {-design}},
% 	location={Hagenberg, Austria},
% 	langid={ngerman}
% }
% 
% @manual{Bezos2021,
% 	author={Bezos, Javier and Braams, Johannes L.},
% 	title={Babel},
% 	subtitle={Localization and internationalization},
% 	date={2021-04-26},
% 	version={3.58},
% 	url={http://mirrors.ctan.org/macros/latex/required/babel/base/babel.pdf},
% 	langid={english}
% }
% 
% 
% @report{Drake1948,
% 	author={Drake, Hubert M. and McLaughlin, Milton D. and Goodman, Harold R.},
% 	title={Results obtained during accelerated transonic tests of the {Bell} {XS-1} airplane in flights to a {MACH} number of 0.92},
% 	type={techreport},
% 	institution={NASA Dryden Flight Research Center},
% 	date={1948-01},
% 	location={Edwards, CA},
% 	number={NACA-RM-L8A05A},
% 	url={https://www.nasa.gov/centers/dryden/pdf/87528main_RM-L8A05A.pdf},
% 	langid={english}
% }
% 
% 
% @online{IBM360,
% 	author={IBM},
% 	title={System 360},
% 	subtitle={From Computers to Computer Systems},
% 	date={2012-03-07},
% 	url={https://www.ibm.com/ibm/history/ibm100/us/en/icons/system360/impacts/},
% 	urldate={2021-05-12},
% 	langid={english}
% }
% 
% 
% @patent{Pike2008,
% 	author={Pike, Dion},
% 	title={Master-slave communications system and method for a network element},
% 	type={US Patent},
% 	holder={Alcatel-Lucent SAS},
% 	number={7,460,482},
% 	date={2008-12-02},
% 	url={https://patents.google.com/patent/US7460482},
% 	langid={english}
% }
% 
% 
% @book{Sedgewick2011,
% 	author={Sedgewick, Robert and Wayne, Kevin},
% 	title={Algorithms},
% 	publisher={Addison-Wesley},
% 	location={Reading, MA},
% 	date={2011},
% 	edition={4},
% 	langid={english}
% }
% 
% 
% @manual{Sommerfeldt2020,
% 	author={Sommerfeldt, Axel},
% 	title={Anpassen der Abbildungs- und Tabellenbeschriftungen},
% 	date={2020-08-22},
% 	url={http://mirrors.ctan.org/macros/latex/contrib/caption/caption-deu.pdf},
% 	langid={ngerman}
% }
% 
% 
% @article{Vardavoulia2001,
% 	author={Vardavoulia, Maria I. and Andreadis, Ioannis and Tsalides, Phillipos},
% 	title={A new vector median filter for colour image processing},
% 	journaltitle={Pattern Recognition Letters},
% 	volume={22},
% 	number={6-7},
% 	pages={675-689},
% 	date={2001},
% 	langid={english}
% }
% 
% 
% @standard{WHATWGHTMLLivingStandard,
% 	author={{Web Hypertext Application Technology Working Group}},
% 	shortauthor={WHATWG},
% 	title={HTML},
% 	titleaddon={Living Standard},
% 	date={2021-05-11},
% 	url={https://html.spec.whatwg.org/},
% 	langid={english}
% }
% 
%@online{WikiReliquienschrein2020,
%	title={Reliquienschrein},
%	url={https://de.wikipedia.org/wiki/Reliquienschrein},
%	date={2020-10-20},
%	urldate={2021-05-12},
%	langid={ngerman}
%}
% 
